@book{weiss1999multiagent,
  title={Multiagent systems: a modern approach to distributed artificial intelligence},
  author={Weiss, Gerhard},
  year={1999},
  publisher={MIT press}
}
